@Book{		  Daubechies92Ten,
  author	= {Ingrid Daubechies},
  title		= {Ten Lectures on Wavelets},
  publisher	= {Capital City Press},
  address	= {Montpelier, Vermont},
  year		= {1992},
  abstract	= {chapter 1: Haar wavelet},
  note		= {Society for Industrial and Applied Mathematics (SIAM),
		  Philadelphia, PA}
}

@inproceedings{xiao2015detecting,
  title={Detecting clusters of fake accounts in online social networks},
  author={Xiao, Cao and Freeman, David Mandell and Hwa, Theodore},
  booktitle={Proceedings of the 8th ACM Workshop on Artificial Intelligence and Security},
  pages={91--101},
  year={2015},
  organization={ACM}
}

@article{chowdhury2017botnet,
  title={Botnet detection using graph-based feature clustering},
  author={Chowdhury, Sudipta and Khanzadeh, Mojtaba and Akula, Ravi and Zhang, Fangyan and Zhang, Song and Medal, Hugh and Marufuzzaman, Mohammad and Bian, Linkan},
  journal={Journal of Big Data},
  volume={4},
  number={1},
  pages={14},
  year={2017},
  publisher={Springer}
}

@inproceedings{cao2012aiding,
  title={Aiding the detection of fake accounts in large scale social online services},
  author={Cao, Qiang and Sirivianos, Michael and Yang, Xiaowei and Pregueiro, Tiago},
  booktitle={Proceedings of the 9th USENIX conference on Networked Systems Design and Implementation},
  pages={15--15},
  year={2012},
  organization={USENIX Association}
}

@inproceedings{mohaisen2013improving,
  title={Improving social network-based sybil defenses by rewiring and augmenting social graphs},
  author={Mohaisen, Aziz and Hollenbeck, Scott},
  booktitle={International Workshop on Information Security Applications},
  pages={65--80},
  year={2013},
  organization={Springer}
}

@inproceedings{harun2017bot,
  title={Bot Classification for Real-Life Highly Class-Imbalanced Dataset},
  author={Harun, Sarah and Bhuiyan, Tanveer Hossain and Zhang, Song and Medal, Hugh and Bian, Linkan},
  booktitle={2017 IEEE 15th Intl Conf on Dependable, Autonomic and Secure Computing, 15th Intl Conf on Pervasive Intelligence and Computing, 3rd Intl Conf on Big Data Intelligence and Computing and Cyber Science and Technology Congress (DASC/PiCom/DataCom/CyberSciTech)},
  pages={565--572},
  year={2017},
  organization={IEEE}
}

@inproceedings{cornelissen2018network,
  title={A network topology approach to bot classification},
  author={Cornelissen, Laurenz A and Barnett, Richard J and Schoonwinkel, Petrus and Eichstadt, Brent D and Magodla, Hluma B},
  booktitle={Proceedings of the Annual Conference of the South African Institute of Computer Scientists and Information Technologists},
  pages={79--88},
  year={2018},
  organization={ACM}
}

@inproceedings{lundberg2019towards,
  title={Towards a language independent Twitter bot detector},
  author={Lundberg, Jonas and Nordqvist, Jonas and Laitinen, Mikko},
  booktitle={DHN},
  pages={308--319},
  year={2019}
}

@inproceedings{sysomos,
  title={An In-Depth Look at the Most Active Twitter User Data },
  author={Report},
  link ={sysomos.com/inside-twitter/most-active-twitter-user-data},
   year={2019}
}

@article{allcott2017social,
  title={Social media and fake news in the 2016 election},
  author={Allcott, Hunt and Gentzkow, Matthew},
  journal={Journal of economic perspectives},
  volume={31},
  number={2},
  pages={211--36},
  year={2017}
}

@article{grinberg2019fake,
  title={Fake news on Twitter during the 2016 US presidential election},
  author={Grinberg, Nir and Joseph, Kenneth and Friedland, Lisa and Swire-Thompson, Briony and Lazer, David},
  journal={Science},
  volume={363},
  number={6425},
  pages={374--378},
  year={2019},
  publisher={American Association for the Advancement of Science}
}

@article{shu2017fake,
  title={Fake news detection on social media: A data mining perspective},
  author={Shu, Kai and Sliva, Amy and Wang, Suhang and Tang, Jiliang and Liu, Huan},
  journal={ACM SIGKDD Explorations Newsletter},
  volume={19},
  number={1},
  pages={22--36},
  year={2017},
  publisher={ACM}
}